@book{linda,
  title     = {An Introduction to Mathematical Biology},
  author    = {Allen, Linda J. S.},
  year      = {2007},
  publisher = {Pearson Education, Inc.}
}
@article{greenwell1984ricker,
  title={The Ricker Salmon Model},
  author={Greenwell, Raymond N and Ng, Ho Kuen},
  journal={The UMAP Journal},
  volume={5},
  number={3},
  year={1984}
}