@book{linda,
  title     = {An Introduction to Mathematical Biology},
  author    = {Allen, Linda J. S.},
  year      = {2007},
  publisher = {Pearson Education, Inc.}
}
@book{edelstein2005mathematical,
  title={Mathematical Models in Biology},
  author={Edelstein-Keshet, Leah},
  year={2005},
  publisher={SIAM}
}
