@book{linda,
  title     = {An Introduction to Mathematical Biology},
  author    = {Allen, Linda J. S.},
  year      = {2007},
  publisher = {Pearson Education, Inc.}
}
